<?xml version="1.0" encoding="UTF-8"?><record xmlns="http://www.loc.gov/MARC21/slim" xmlns:cinclude="http://apache.org/cocoon/include/1.0" xmlns:zs="http://www.loc.gov/zing/srw/">
  <leader>00498nz  a2200133n  4500</leader>
  <controlfield tag="001">no2003082898</controlfield>
  <controlfield tag="003">DLC</controlfield>
  <controlfield tag="005">20030820052042.0</controlfield>
  <controlfield tag="008">030819n| acannaab            n aaa     c</controlfield>
  <datafield tag="010" ind1=" " ind2=" ">
    <subfield code="a">no2003082898</subfield>
  </datafield>
  <datafield tag="035" ind1=" " ind2=" ">
    <subfield code="a">(OCoLC)oca06130781</subfield>
  </datafield>
  <datafield tag="040" ind1=" " ind2=" ">
    <subfield code="a">RPB</subfield>
    <subfield code="b">eng</subfield>
    <subfield code="c">RPB</subfield>
  </datafield>
  <datafield tag="100" ind1="1" ind2=" ">
    <subfield code="a">Mondrago휍혖n, Mauricio</subfield>
  </datafield>
  <datafield tag="670" ind1=" " ind2=" ">
    <subfield code="a">Born on the cusp, c1995:</subfield>
    <subfield code="b">t.p. (Mauricio Mondrago휍혖n) colophon (editor of journal El Locofoco; Teaches English, speech and drama for the Eagle Pass Independent School District, Maverick County, Texas)</subfield>
  </datafield>
</record>